@book{Siegman1986,
	address = {Mill Valley, California},
	title = {Lasers},
	isbn = {9780935702118 9780198557135},
	language = {eng},
	publisher = {University Science Books},
	author = {Siegman, Anthony E.},
	year = {1986},
    pages = {1041-1044},
	note = {OCLC: 14525287}
}

@article{Strickland1985,
  title={Short pulse amplification using pulse compression techniques},
  author={Strickland, Donna and Mourou, GÃ©rard A.},
  journal={Journal of the Optical Society of America A},
  volume={2},
  year={1985}
}

@article{Anderson1949,
  title={The work function of copper},
  author={Anderson, Paul A},
  journal={Physical Review},
  volume={76},
  number={3},
  pages={388},
  year={1949},
  publisher={APS}
}